@article{Knuth:1984:LP:473.479,
 author = {Knuth, Donald E.},
 title = {Literate Programming},
 journal = {Comput. J.},
 issue_date = {May 1984},
 volume = {27},
 number = {2},
 month = may,
 year = {1984},
 issn = {0010-4620},
 pages = {97--111},
 numpages = {15},
 url = {http://dx.doi.org/10.1093/comjnl/27.2.97},
 doi = {10.1093/comjnl/27.2.97},
 acmid = {479},
 publisher = {Oxford University Press},
 address = {Oxford, UK},
} 

@inproceedings{Gvero:2015:SJE:2814270.2814295,
	author = {Gvero, Tihomir and Kuncak, Viktor},
	title = {Synthesizing Java Expressions from Free-form Queries},
	booktitle = {Proceedings of the 2015 ACM SIGPLAN International Conference on Object-Oriented Programming, Systems, Languages, and Applications},
	series = {OOPSLA 2015},
	year = {2015},
	isbn = {978-1-4503-3689-5},
	location = {Pittsburgh, PA, USA},
	pages = {416--432},
	numpages = {17},
	url = {http://doi.acm.org/10.1145/2814270.2814295},
	doi = {10.1145/2814270.2814295},
	acmid = {2814295},
	publisher = {ACM},
	address = {New York, NY, USA},
	keywords = {Autocompletion, Natural Language Processing, Program Repair, Program Synthesis},
} 

@misc{LPExample:XString,
	author = {Donald Knuth},
	title = {XString file},
	year = {2009 }, 
	howpublished = "\url{http://www.literateprogramming.com/string.w}"}

@misc{LPArticle:MainStream1,
	author = {Stack Exchange discussion},
	title = {Why isn't literate programming mainstream? },
	year = {2010 }, 
	howpublished = "\url{https://softwareengineering.stackexchange.com/questions/811/why-isnt-literate-programming-mainstream}"}

@ARTICLE{8416973, 
	author={T. Young and D. Hazarika and S. Poria and E. Cambria}, 
	journal={IEEE Computational Intelligence Magazine}, 
	title={Recent Trends in Deep Learning Based Natural Language Processing [Review Article]}, 
	year={2018}, 
	volume={13}, 
	number={3}, 
	pages={55-75}, 
	keywords={data structures;learning (artificial intelligence);natural language processing;natural language processing;deep learning methods;multiple processing layers;model designs;NLP tasks;deep learning related models;hierarchical data representations;Semantics;Natural language processing;Machine learning;Computational modeling;Context modeling;Learning systems}, 
	doi={10.1109/MCI.2018.2840738}, 
	ISSN={1556-603X}, 
	month={Aug},}

@article{DBLP:journals/corr/BaroneS17,
	author    = {Antonio Valerio Miceli Barone and
	Rico Sennrich},
	title     = {A parallel corpus of Python functions and documentation strings for
	automated code documentation and code generation},
	journal   = {CoRR},
	volume    = {abs/1707.02275},
	year      = {2017},
	url       = {http://arxiv.org/abs/1707.02275},
	archivePrefix = {arXiv},
	eprint    = {1707.02275},
	timestamp = {Mon, 13 Aug 2018 16:46:55 +0200},
	biburl    = {https://dblp.org/rec/bib/journals/corr/BaroneS17},
	bibsource = {dblp computer science bibliography, https://dblp.org}
}